%% This BibTeX bibliography file was created using BibDesk.
%% http://bibdesk.sourceforge.net/

%% Saved with string encoding Unicode (UTF-8) 

@book{griersonRH,
	Author = {C. Grierson and J. Schiefelbein},
	Date-Added = {2012-09-27 13:06:21 +0100},
	Date-Modified = {2012-09-27 13:06:21 +0100},
	Publisher = {American Society of Plant Biologist},
	Title = {The Arabidopsis Book},
	Year = {2002}}  
    
@article{mjones01,
	Author = {M. Jones and N. Smirnoff},
	Date-Added = {2012-09-27 13:06:21 +0100},
	Date-Modified = {2012-09-27 13:06:21 +0100},
	Journal = {J. of Exp. Bot.},
	Number = {15},
	Pages = {4269--4275},
	Title = {Nuclear dynamics during the simultaneous and sustained tip growth of multiple root hairs arising from a single root epidermal cell},
	Volume = {57},
	Year = {2006}}

@article{massuci01,
	Author = {J. D. Masucci and J. W. Schiefelbein},
	Date-Added = {2012-09-19 08:40:38 +0100},
	Date-Modified = {2012-09-25 20:03:04 +0100},
	Journal = {Plant. Physiol.},
	Pages = {1335-1346},
	Title = {The rhd6 Mutation of Arabidopsis thaliana Alters Root-Hair Initiation trhough an Auxin- and Ethylene-Associated Process},
	Volume = {106},
	Year = {1994}}

@article{payne01,
	Author = {R.J.H. Payne and C.S. Grierson},
	Date-Added = {2011-06-09 15:48:34 +0100},
	Date-Modified = {2012-03-05 18:44:58 +0100},
	Journal = {PLoS ONE},
	Number = {12},
	Pages = {e8337. doi:10.1371/journal.pone.0008337},
	Title = {A theoretical model for ROP localisation by auxin in arabidopsis root hair cells},
	Volume = {4},
	Year = {2009}}

@article{rigas01,
	Author = {S. Rigas and G. Debrosses and K. Haralampidis and F. Vicente-Angulo and K. A. Feldman and A. Grabov and L. Dolan and P. Hatzpoulos},
	Date-Added = {2012-09-19 08:28:34 +0100},
	Date-Modified = {2012-09-19 08:30:59 +0100},
	Journal = {The Plant Cell},
	Pages = {139--151},
	Title = {TRH1 Encondes a Potassium Transporter REquired for Tip Growth in Arabidopsis Root Hairs},
	Volume = {13},
	Year = {2001}}
 
%===================================================
@MastersThesis{tesis_evaluacion,
    author = {{Mauricio, J. M.}},
    title = {{Evaluando el uso de técnicas de procesamiento de lenguaje natural y métricas de centralidad para la detección de patrones de diseño de software}},
    school = {Centro de Investigación en Matemáticas, A.C.},
    address = {Zacatecas, Zac.},
    year = {2015},
    }

@article{artERI,
	Author = {{Gómez, R.}},
	Title = {\textit{La evaluación en recuperación de la información}},
	Volume = {1},
	Year = {2003},
    note={Recuperado de \texttt{https://www.upf.edu/hipertextnet/numero-1/evaluacion\_ri.html}}
    }

@article{art_usersacross,
	Author = {{Paridhi, J., Ponnurangam, K. \& Anupam, J.}},
	Pages = {1259--1267},
	Title = {\textit{Identifying Users across Multiple Online Social Networks}},
	Year = {2013}}
    
@article{art_skill_exp_link,
	Author = {{Bastian, M., Hayes, M., Vaughan, W., Shah, S., Skomoroch, P. \& Kim, H.}},
	Pages = {1--8},
	Title = {\textit{LinkedIn Skills: Large-Scale Topic Extraction and Inference}},
	Year = {2014},
    note = {doi:10.1145/2645710.2645729}
}

@misc{RIJ,
	author = {{Rijsbergen, C.J.}},
    title = {Information Retrieval.},
    howpublished = {\url{http://www.dcs.gla.ac.uk/~iain/keith/}},
	note = {En línea; Recuperado el 22 de noviembre, 2016},
    year = {1999}
}

@Misc{garner,
	Author = {{Garther, Inc.}},
    title = {Big Data},
    howpublished = {\url{http://www.gartner.com/it-glossary/big-data}},
    note = {En línea; Recuperado el 10 de septiembre, 2015},
    year = 2015
}

@book{book_miningsocial,
	Author = {{Russell, M. A.}},
	Publisher = {O’Reilly Media, Inc.},
	Title = {Mining the Social Web, Second Edition},
	Year = {2014}
}

@book{book_medidas,
	author = {{Meadow, C. T.}},
    title = {Text Information retrieval Systems.},
    publisher = {Academic Press},
    year = {1993}

}

@book{book_RI,
	Author = {{Martínez, F. J.}},
	Publisher = {{Murcia: KIOSKO JMC}},
	Title = {Recuperación de información: modelos, sistemas y evaluación.},
	Year = {2004}
}


@misc{IBM,
	Author = {{IBM, Inc.}},
    title = {What is big data?},
    howpublished = {\url{http://www-01.ibm.com/software/data/bigdata/what-is-big-data.html}},
    note ={En línea; Recuperado el 8 de septiembre, 2015},
    year = 2014
}

@misc{link_socialmention,
	Author = {{Social Mention, Inc.}},
    title = {socialmention},
    year = 2010,
     howpublished = {\url{http://www.socialmention.com/about/}},
    note ={En línea; Recuperado el 4 de mayo, 2016}
}

@misc{link_snitchname,
	Author = {snitch.name},
    title = {snitch.name},
    year = 2009,
    howpublished = {\url{http://snitch.name/about.html}},
    note ={En línea; Recuperado el 4 de mayo, 2016 }
}


@misc{link_skipease,
	Author = {Skipease.com},
    title = {skipease},
    year = 2016,
    howpublished = {\url{http://www.skipease.com/}},
    note ={En línea; Recuperado el 4 de mayo, 2016}
}

@misc{link_200google,
	Author = {{Dean, B.}},
    title = {Google’s 200 Ranking Factors: The Complete List},
    year = {2016},
    howpublished = {\url{http://backlinko.com/google-ranking-factors}},
    note = {En línea; Recuperado el 29 de mayo, 2016}
}

@misc{elastic_meta,
	Author = {Elasticsearch},
    title = {Document Metadata},
    year = {2015},
    howpublished = {\url{https://www.elastic.co/guide/en/elasticsearch/guide/2.x/\_document\_metadata.html}},
    note ={En línea; Recuperado el 15 de junio, 2016}
}


@ARTICLE{art_mininggithub,
author = {{Schroeck, M., Shockley, R., Smart, J., Romero, D. \& Tufano, P.}},
title = {\textit{Analytics: El uso de big data en el mundo real}},
pages = "1--5",
year = {2012}
}


@ARTICLE{artBigData,
author = {{Allamanis, M. \& Sutton, C.}},
title = {\textit{Mining Source Code Repositories at Massive Scale using Language Modeling}},
year = {2013}
}

@BOOK{Analytics,
	AUTHOR = {{Baesens, B.}},
	TITLE = {Analytics in a Big Data World},
	PUBLISHER = {John Wiley and Sons, Inc.},
	ADDRESS = {Hoboken, New Jersey},
	YEAR = "2014"	
   }

@Book{Gormley,
	author = {{Gormeley, C. \& Tong, Z.}}, 
    title={{Elasticsearch, The Definitive Guide}},
    year={2015},
    publisher = {{O'REILY Media, Inc.}},
    address = {1005 Gravenstein Highway North, Sebastopol, CA 95472}
}


@misc{ApiGit,
	author = {{GitHub Developers}},
    year = 2015,
    title = {{GitHub Libraries}},
    howpublished = {\url{https://developer.github.com/libraries/}},
    note = {En línea; Recuperado el 16 de agosto, 2016} 
}

@misc{ApiTwit,
	author = {{Twitter Developers}},
    year = 2016,
    title = {{Twitter Libraries}},
    howpublished = {\url{https://dev.twitter.com/overview/api/twitter-libraries/}},
    note = {En línea; Recuperado el 27 de agosto, 2016}
}

@misc{LinkChange,
	author={{Trachtenberg, A.}},
    title={{Changes to our Developer Program}}, 
	year=2015,    
    howpublished = {\url{https://developer.linkedin.com/blog/posts/2015/developer-program-changes}},
    note={En línea; Recuperado el 17 octubre, 2015}
    }
   
  @misc{LinkChangeToday,
	author={{Trachtenberg, A.}},
    title={{Today's changes}}, 
	year=2015,    
    howpublished = {\url{https://developer.linkedin.com/blog/posts/2015/todays-changes}},
    note={En línea; Recuperado el 17 octubre, 2015}
    }
    
@misc{LinkFields,
	author = {{LinkedIn Developer}},
    title = {{Profile Field Description}},
    year = 2015,
     howpublished = {\url{https://developer.linkedin.com/docs/fields}},
	note={En línea; Recuperado el 12 de octubre, 2015}
}

@misc{xgoogle,
	author = {{Szymczak, V.}},
    title = {{Google X-raying LinkedIn}},
    year = 2015,
    howpublished = {\url{http://sourcingrecruitment.info/2015/01/google-x-raying-linkedin/}},
	note={En línea; Recuperado el 23 de noviembre, 2015}
}

@misc{dsl_elastic,
	author = {{Elasticsearch}},
    title = {{Query DSL}},
    year = 2015,
    howpublished = {\url{https://www.elastic.co/guide/en/elasticsearch/reference/current/query-dsl.html}},
	note={En línea; Recuperado el 8 de junio, 2016}
}

@misc{countriesLink,
	author = {{Valkenburg, J.}},
    title = {{List of countries on LinkedIn (incl code)}},
    year = {2011},
     howpublished = {\url{https://careermanagementvialinkedin.wordpress.com/2011/04/08/list \\ -of-countries-on-linkedin-incl-code/}},
	note={En línea; Recuperado el 24 de noviembre, 2015 }
}

@misc{xgooglevsLink,
	author = {{Cathey, G.}},
    title = {{What's the most effective way to X-Ray search LinkedIn?}},
    year = {2012},
    howpublished = {\url{http://booleanblackbelt.com/2012/12/whats-the-most-effective-way-to-x-ray-search-linkedin/}},
	note={En línea; Recuperado el 20 de noviembre, 2015}
}

@misc{GooglePage,
	author = {{Web Master}},
    title ={{Límite de 1000 resultados}},
    year = {2014}, 
    howpublished = {\url{http://guiagoogle.es/resultados-8-ultima-pagina/ }},
	note={En línea; Recuperado el 23 de noviembre, 2015}
}

@misc{youandjob,
author = {{González, E. \& Mansilla, P.}},
year = 2015,
title = {YouandJob},
howpublished = {\url{http://www.laregion.es/articulo/euro/youandjob-buscador-gallego-empleo/20150119114138517169.html}},
note ={En línea; Recuperado el 9 de agosto, 2015}

}

@misc{linktool,
author = {Salestool},
title = {LinkedInTool},
year = {2015},
howpublished = {\url{https://salestools.io/linkedin-lead-extractor-to-excel}},
note ={En línea; Recuperado el 10 de agosto, 2015}
}

@misc{linkrec,
author = {{Talent-solutions}},
title = {LinkedIn Recruiter},
year = {2015},
howpublished = {\url{https://business.linkedin.com/talent-solutions/products/recruiter}},
note ={En línea; Recuperado el 10 de agosto, 2015}
}

@ARTICLE{bigdata_art,
author = {{Fundación Innovación Bankier}},
title = {\textit{Big data. El poder de los datos}},
year = {2015}
}


@misc{twitter_page,
	author={Twitter},
    title = {Twitter About},
    year = {2016},
    howpublished = {\url{https://about.twitter.com/company}},
     note = {En línea; Recuperado el 12 de septiembre, 2016}
    
}

@misc{tweets_count,
	author={{Internet live Stats}},
    title = {1 Second},
    year = {2016},
    howpublished = {\url{http://www.internetlivestats.com/one-second/\#tweets-band}},
     note = {En línea; Recuperado el 13 de octubre, 2016}
    
}

@misc{github_page,
	author={GitHub},
    title = {GitHub},
    year = {2015},
     howpublished = {\url{https://github.com/about}},
     note = {En línea; Recuperado el 22 de agosto, 2016}
}

@misc{googleplus_page,
	author={{Karch, M.}},
    title = {What is Google Plus?},
    year = {2015},
     howpublished = {\url{http://google.about.com/od/p/g/Google-plus.htm}},
     note = {En línea; Recuperado el 2 de diciembre, 2015}
}


@misc{linkedin_page,
	author={{G.G. Learning}},
    year = {2015},
    title = {LinkedIn Basics: What is LinkedIn?},
    howpublished = {\url{http://www.gcflearnfree.org/linkedin/1/}},
     note = {En línea; Recuperado el 8 de octubre, 2015}
}

@misc{facebook_page,
	author={Facebook},
    title = {Facebook About},
    year = {2016},
    howpublished = {\url{https://www.facebook.com/pg/facebook/about/}},
     note = {En línea; Recuperado el 26 de agosto, 2016 }
    
}

@misc{Banon,
  author = {{Banon, S.}},
  year = {2014},
  title = "A brief history of Elasticsearch",
  howpublished = {\url{https://jaxenter.com/elasticsearch-founder-interview-112677.html}},
  note = {En línea; Recuperado el 11 de marzo, 2016}
}

@misc{siteElastic,
	author = {Elasticsearch},
    title = {Elasticsearch},
    year = {2015},
    howpublished = {\url{https://www.elastic.co/products/elasticsearch}},
    note = {En línea; Recuperado el 5 de marzo, 2016}
}
@misc{Lucene,
  author = {{Apache Foundation}},
  year = {2016},
  title = {{Apache Lucene}},
   howpublished = {\url{https://apachefoundation.wikispaces.com/Apache+Lucene}},
  note ={En línea; Recuperado el 22 de mayo, 2016}
}

@BOOK{Analytics,
	AUTHOR = {{Baesens B.}},
	TITLE = {Analytics in a Big Data World},
	PUBLISHER = {John Wiley and Sons, Inc.},
	ADDRESS = {Hoboken, New Jersey},
	YEAR = "2014"	
   }

@BOOK{modelos_recuperacion_info,
	AUTHOR = {{Göker, A. \& Davies, J.}},
	TITLE = {Information Retrieval: Searching in the 21st Century},
	PUBLISHER = {WILEY},
	ADDRESS = {The Atrium, Southem Gate, Chichester, West Sussex, PO19 9SQ, United Kingdom},
	YEAR = {2009}	
   }   
   
@BOOK{modelo_tf_idf,
	AUTHOR = {{Peter, C., Jijkoun, V., Mandl, T., Müller, H., Oard, D. W., Petras, V. \& Santos, D.}},
	TITLE = {Advances in Multilingual and Multimodal Information Retrieval},
	PUBLISHER = {Springer},
	ADDRESS = {Budapest, Hungary},
	YEAR = {2007}	
   }
  
  
@Book{Elastic,
	author = {{Gormeley, C. \& Tong, Z.}}, 
    title={{Elasticsearch, The Definitive Guide}},
    year={2015},
    publisher = {{O'Reilly Media, Inc.}},
    address = {1005 Gravenstein Highway North, Sebastopol, CA 95472}
}

@BOOK{Mohan,
	AUTHOR = {{Mohan, V.}},
	TITLE = {Elasticsearch Blueprints.},
	PUBLISHER = {Packt Publishing Ltd},
	YEAR = "2015"	
    }

@misc{Engines,
  author = {{Andlinger, P.}},
  year = {2016},
  title = "Elasticsearch replaced Solr as the most popular search engine",
  howpublished = {\url{http://db-engines.com/}},
  note = {En línea; Recuperado el 18 de mayo, 2016}
}

@misc{Django,
  author = {{Django Software Foundation}},
  year = {2016},
  title = "Django",
  howpublished = {\url{https://www.djangoproject.com/}},
  note = {En línea; Recuperado el 25 de agosto, 2016}
}

@misc{python,
  author = {{Python Software Foundation}},
  year = {2016},
  title = "Python",
  howpublished = {\url{https://www.python.org/}},
  note = {En línea; Recuperado el 1 de septiembre, 2016}
}


@misc{Bootstrap,
  author = {{Bootstrap}},
  year = {2016},
  title = "Bootstrap",
  howpublished = {\url{http://getbootstrap.com/}},
  note = {En línea; Recuperado el 27 de agosto, 2016}
}

@misc{Logstash,
  author = {{Elastic}},
  year = {2016},
  title = "Logstash Introduction",
  howpublished = {\url{https://www.elastic.co/guide/en/logstash/current/plugins-outputs-elasticsearch.html}},
  note = {En línea; Recuperado el 3 de septiembre, 2016}
}


@misc{Apache,
  author = {{Apache Software Foundation}},
  year = {2016},
  title = "Apache Solr",
  howpublished = {\url{http://lucene.apache.org/solr/}},
  note = {En línea; Recuperado el 22 de mayo, 2016}
}

@misc{fields_link,
  author = {{LinkedIn Corporation}},
  year = {2015},
  title = "Data Fields",
  howpublished = {\url{https://developer.linkedin.com/docs/fields}},
  note = {En línea; Recuperado el 12 de octubre, 2015}
}

@misc{fields_github,
  author = {{GitHub, Inc.}},
  year = {2016},
  title = "Repositories",
  howpublished = {\url{https://developer.github.com/v3/repos/\#list-user-repositories}},
  note = {En línea; Recuperado el 17 de agosto, 2016}
}

@misc{fields_twitter,
  author = {{Twitter, Inc.}},
  year = {2016},
  title = "Twitter Developer Documentation",
  howpublished = {\url{https://dev.twitter.com/rest/public/search}},
  note = {En línea; Recuperado el 7 de septiembre, 2016}
}

@misc{pygithub,
  author = {{Python Software Foundation}},
  year = {2016},
  title = "PyGithub",
  howpublished = {\url{https://pypi.python.org/pypi/PyGithub}},
  note = {En línea; Recuperado el 17 de agosto, 2016}
}

@misc{ratelimit_twitter,
  author = {{Twitter, Inc.}},
  year = {2016},
  title = "API Rate Limits",
  howpublished = {\url{https://dev.twitter.com/rest/public/rate-limiting}}
  note = {En línea; Recuperado el 27 de agosto, 2016}
}

@misc{ratelimit_github,
  author = {{GitHub, Inc.}},
  year = {2016},
  title = "Rate Limiting",
  howpublished = {\url{https://developer.github.com/v3/\#rate-limiting}},
  note = {En línea; Recuperado el 16 de agosto, 2016}
}


@misc{red_contactos,
	author = {{LinkedIn Corporation}},
    title = {Definición de tu red y grados de conexión},
    year = {2016},
    howpublished = {\url{https://www.linkedin.com/help/linkedin/answer/640/definicion-de-tu-red-y-grados-de-conexion?lang=es}},
    note = {En línea; Recuperado el 27 de noviembre, 2016}
}
@misc{oauth_twitter,
  author = {{Xu, W.}},
  year = {2016},
  title = "Twitter API Tutorial",
   howpublished = {\url{http://socialmedia-class.org/twittertutorial.html}},
  note = {En línea; Recuperado el 8 de septiembre, 2016}
}

@misc{recolector_tweets,
  author = {{Coronado, A. A.}},
  year = {2015},
  title = "Big Data en 30 min. (Recolectando Tuits)",
   howpublished = {\url{https://abxda.wordpress.com/2015/12/13/big-data-en-30-min-recolectando-tuits/}},
  note = {En línea; Recuperado el 1 de septiembre, 2016}
}

@misc{apiElastic,
  author = {{Python Software Foundation}},
  year = {2016},
  title = "elasticsearch 2.3.0",
  howpublished = {\url{https://pypi.python.org/pypi/elasticsearch/2.3.0}},
  note = {En línea; Recuperado el 29 de agosto, 2016}
}





 
